<record><leader>00000cas a2200000 a 4500</leader><controlfield tag="001">41020321</controlfield><controlfield tag="008">990323d19831985njuwr ne      0   c0rus  </controlfield><controlfield tag="009">466</controlfield><datafield ind1=" " ind2=" " tag="010"><subfield code="a">sn 99058003 </subfield></datafield><datafield ind1=" " ind2=" " tag="040"><subfield code="a">DLC</subfield><subfield code="b">eng</subfield><subfield code="c">DLC</subfield><subfield code="d">CVF</subfield><subfield code="d">DLC</subfield><subfield code="d">OCLCQ</subfield><subfield code="d">WAU</subfield><subfield code="d">OCLCF</subfield></datafield><datafield ind1=" " ind2=" " tag="022"><subfield code="a">0274-998X</subfield><subfield code="l">0274-998X</subfield></datafield><datafield ind1="1" ind2=" " tag="029"><subfield code="a">AU@</subfield><subfield code="b">000020041650</subfield></datafield><datafield ind1=" " ind2=" " tag="042"><subfield code="a">pcc</subfield></datafield><datafield ind1=" " ind2=" " tag="043"><subfield code="a">n-us-nj</subfield></datafield><datafield ind1="0" ind2="0" tag="050"><subfield code="a">Newspaper</subfield></datafield><datafield ind1="0" ind2="0" tag="245"><subfield code="a">NA.</subfield></datafield><datafield ind1="2" ind2=" " tag="246"><subfield code="a">Novyi&#774; Amerikanet&#65056;s&#65057;</subfield></datafield><datafield ind1="1" ind2="3" tag="246"><subfield code="a">New American</subfield></datafield><datafield ind1=" " ind2=" " tag="260"><subfield code="a">Jersey City, N.J. :</subfield><subfield code="b">New American Inc.,</subfield><subfield code="c">1983-1985.</subfield></datafield><datafield ind1=" " ind2=" " tag="300"><subfield code="a">v.</subfield></datafield><datafield ind1=" " ind2=" " tag="310"><subfield code="a">Weekly</subfield></datafield><datafield ind1="0" ind2=" " tag="362"><subfield code="a">200 (Dec. 22, 1983)-298 (Nov. 6, 1985).</subfield></datafield><datafield ind1=" " ind2=" " tag="515"><subfield code="a">Issue for Apr. [17], 1985 misdated Feb. 12, 1985.</subfield></datafield><datafield ind1=" " ind2=" " tag="530"><subfield code="a">Also available on microfilm from the Library of Congress, Photoduplication Service.</subfield></datafield><datafield ind1=" " ind2=" " tag="580"><subfield code="a">Continued as a periodical with issue for Jan./Feb. 1986.</subfield></datafield><datafield ind1=" " ind2="0" tag="650"><subfield code="a">Russian Americans</subfield><subfield code="v">Newspapers.</subfield></datafield><datafield ind1=" " ind2="0" tag="650"><subfield code="a">Jews, Russian</subfield><subfield code="z">United States</subfield><subfield code="v">Newspapers.</subfield></datafield><datafield ind1=" " ind2="0" tag="651"><subfield code="a">Jersey City (N.J.)</subfield><subfield code="v">Newspapers.</subfield></datafield><datafield ind1=" " ind2="0" tag="651"><subfield code="a">Hudson County (N.J.)</subfield><subfield code="v">Newspapers.</subfield></datafield><datafield ind1=" " ind2="7" tag="655"><subfield code="a">Newspapers.</subfield><subfield code="2">fast</subfield><subfield code="0">(OCoLC)fst01423814</subfield></datafield><datafield ind1=" " ind2="7" tag="650"><subfield code="a">Jews, Russian.</subfield><subfield code="2">fast</subfield><subfield code="0">(OCoLC)fst00983514</subfield></datafield><datafield ind1=" " ind2="7" tag="650"><subfield code="a">Russian Americans.</subfield><subfield code="2">fast</subfield><subfield code="0">(OCoLC)fst01101969</subfield></datafield><datafield ind1=" " ind2="7" tag="651"><subfield code="a">New Jersey</subfield><subfield code="z">Hudson County.</subfield><subfield code="2">fast</subfield><subfield code="0">(OCoLC)fst01208130</subfield></datafield><datafield ind1=" " ind2="7" tag="651"><subfield code="a">New Jersey</subfield><subfield code="z">Jersey City.</subfield><subfield code="2">fast</subfield><subfield code="0">(OCoLC)fst01207670</subfield></datafield><datafield ind1=" " ind2="7" tag="651"><subfield code="a">United States.</subfield><subfield code="2">fast</subfield><subfield code="0">(OCoLC)fst01204155</subfield></datafield><datafield ind1=" " ind2=" " tag="752"><subfield code="a">United States</subfield><subfield code="b">New Jersey</subfield><subfield code="c">Hudson</subfield><subfield code="d">Jersey City.</subfield></datafield><datafield ind1="0" ind2="0" tag="780"><subfield code="t">Novyi&#774; Amerikanet&#65056;s&#65057;</subfield><subfield code="w">(DLC)sn 80010799</subfield><subfield code="w">(OCoLC)6641266</subfield></datafield><datafield ind1="0" ind2="0" tag="785"><subfield code="t">New American (Jersey City, N.J.)</subfield><subfield code="x">0886-9618</subfield><subfield code="w">(DLC)sn 86014760</subfield><subfield code="w">(OCoLC)13076097</subfield></datafield></record>